<record><leader>00000cas a22000007a 4500</leader><controlfield tag="001">20329599</controlfield><controlfield tag="008">890912c19739999mducr ne      0   a0eng d</controlfield><datafield ind1=" " ind2=" " tag="010"><subfield code="a">sn 89060114 </subfield></datafield><datafield ind1=" " ind2=" " tag="040"><subfield code="a">MFN</subfield><subfield code="b">eng</subfield><subfield code="c">MFN</subfield><subfield code="d">CUS</subfield><subfield code="d">OCLCQ</subfield><subfield code="d">OCLCF</subfield><subfield code="d">OCLCO</subfield><subfield code="d">DLC</subfield></datafield><datafield ind1=" " ind2=" " tag="012"><subfield code="m">1</subfield></datafield><datafield ind1="0" ind2=" " tag="022"><subfield code="a">2380-3681</subfield><subfield code="2">1</subfield></datafield><datafield ind1="1" ind2=" " tag="029"><subfield code="a">AU@</subfield><subfield code="b">000041731922</subfield></datafield><datafield ind1="1" ind2=" " tag="029"><subfield code="a">NZ1</subfield><subfield code="b">16076178</subfield></datafield><datafield ind1=" " ind2=" " tag="032"><subfield code="a">887660</subfield><subfield code="b">USPS</subfield></datafield><datafield ind1=" " ind2=" " tag="037"><subfield code="b">The Baltimore Sun Company LLC, 501 N. Calvert St., Baltimore, MD 21278-0061</subfield></datafield><datafield ind1=" " ind2=" " tag="042"><subfield code="a">msc</subfield><subfield code="a">nsdp</subfield></datafield><datafield ind1=" " ind2=" " tag="043"><subfield code="a">n-us-md</subfield></datafield><datafield ind1="1" ind2="0" tag="050"><subfield code="a">ISSN RECORD</subfield></datafield><datafield ind1=" " ind2="4" tag="050"><subfield code="a">AN41</subfield><subfield code="b">.G3</subfield></datafield><datafield ind1="0" ind2=" " tag="130"><subfield code="a">Maryland gazette (Glen Burnie, Md. : 1973)</subfield></datafield><datafield ind1=" " ind2="0" tag="222"><subfield code="a">Maryland gazette</subfield></datafield><datafield ind1="1" ind2="0" tag="245"><subfield code="a">Maryland gazette.</subfield></datafield><datafield ind1=" " ind2=" " tag="260"><subfield code="a">Glen Burnie, Md. :</subfield><subfield code="b">Capital Gazette Press</subfield></datafield><datafield ind1=" " ind2=" " tag="300"><subfield code="a">v.</subfield></datafield><datafield ind1=" " ind2=" " tag="310"><subfield code="a">Semiweekly</subfield></datafield><datafield ind1="0" ind2=" " tag="362"><subfield code="a">Vol. 245, no. 11 (Feb. 5, 1973)-</subfield></datafield><datafield ind1=" " ind2=" " tag="588"><subfield code="a">Latest issue consulted: Volume 44, Number 55 (July 11, 2015).</subfield></datafield><datafield ind1=" " ind2="0" tag="651"><subfield code="a">Anne Arundel County (Md.)</subfield><subfield code="v">Newspapers.</subfield></datafield><datafield ind1=" " ind2="7" tag="651"><subfield code="a">Maryland</subfield><subfield code="z">Anne Arundel County.</subfield><subfield code="2">fast</subfield><subfield code="0">(OCoLC)fst01208102</subfield></datafield><datafield ind1=" " ind2="7" tag="655"><subfield code="a">Newspapers.</subfield><subfield code="2">fast</subfield><subfield code="0">(OCoLC)fst01423814</subfield></datafield><datafield ind1=" " ind2=" " tag="752"><subfield code="a">United States</subfield><subfield code="b">Maryland</subfield><subfield code="c">Anne Arundel</subfield><subfield code="d">Glen Burnie.</subfield></datafield><datafield ind1="0" ind2="0" tag="780"><subfield code="t">Maryland gazette Glen Burnie news</subfield><subfield code="w">(DLC)sn 89060113</subfield></datafield></record>